@misc{hugcis_rustca,
    author = {Hugo Cisneros},
    title  = {rust\_ca - A library to simulate 2D cellular automata in Rust},
    year   = {2021},
    url    = {https://github.com/hugcis/rust_ca},
    note   = {Accessed: 2025-05-19}
}